@INPROCEEDINGS{PlayStationEye,
    address = {http://us.playstation.com/ps3/accessories/playstation-eye-camera-ps3.html},
    note = {Visitado el 27 de abril de 2018},
    language = {English},
    publisher = {playstation.com},
    title = {Sony. PlayStation Eye Camera.}
}

@INPROCEEDINGS{PlayStationMove,
    address = {http://us.playstation.com/ps3/playstation-move.html},
    note = {Visitado el 27 de abril de 2018},
    language = {English},
    publisher = {playstation.com},
    title = {Sony. PlayStation Move Motion Controller.}
}

@INPROCEEDINGS{MLB,
    address = {http://www.mlb.com},
    note = {Visitado el 27 de abril de 2018},
    language = {English},
    publisher = {mlb.com},
    title = {MLB. Official Site.}
}

@INPROCEEDINGS{SlateSportArticles,
    address = {http://www.slate.com/articles/sports/sports-nut/2007/08/baseballs-particle-accelerator.html},
    author = {DiMeo, Nate},    
    note = {Visitado el 26 de abril de 2018},
    language = {English},
    publisher = {Slate Magazine},
    title = {Slate. Baseball's Particle Accelerator.},
    month = {August},
    year = {2007}
}

@INPROCEEDINGS{Statcast,
    address = {https://www.mlb.com/news/statcast-primer-baseball-will-never-be-the-same/c-119234412},
    note = {Visitado el 27 de abril de 2018},
    language = {English},
    publisher = {mlb.com},
    title = {Statcast}
}

@INPROCEEDINGS{Sportvision,
    address = {http://www.smt.com},
    note = {Visitado el 27 de abril de 2018},
    language = {English},
    title = {Sportvision}
}

@INPROCEEDINGS{SprintSpeed,
    address = {http://m.mlb.com/glossary/statcast/sprint-speed},
    note = {Visitado el 27 de abril de 2018},
    language = {English},
    publisher = {mlb.com},
    title = {Sprint Speed}
}

@INPROCEEDINGS{PITCHf/xSportvision,
    address = {http://ec2-23-21-47-240.compute-1.amazonaws.com/baseball/pitchfx%C2%AE},
    note = {Visitado el 26 de abril de 2018},
    language = {English},
    title = {PITCHf/x Sportvision},
    year = {2017}
}

@INPROCEEDINGS{Pitchf/x,
    author = {Fast, Mike},
    publisher = {The Hardball Times Baseball Annual},
    booktitle = {What the Heck is PITCHf/x?},
    title = {PITCHf/x},
    year = {2010}
}

@INPROCEEDINGS{MandarMeghana,
    address = {www.ijates.com},
    author = {D. Sontakke, Mandar and S. Kulkarni, Dr. Meghana},
    publisher = {International Journal of Advanced Technology in Engineering and Science},
    title = {Different Types os Noises in Images and Noise Removing Technique},
    volume = {3},
    month = {January},
    year = {2015}
}

@INPROCEEDINGS{AjayBrijendra,
    author = {Kumar Boyat, Ajay and Kumar Joshi, Brijendra},
    publisher = {Signal and Image Processing: An International Journal (SIPIJ)},
    title = {A review paper: Noise models in digital image processing},
    volume = {6},
    number = {2},
    month = {April},
    year = {2015}
}

@INPROCEEDINGS{PawanManojSumitAshok,
    author = {Patidar, Pawan and Gupta, Manoj and Srivastava, Sumit and Kumar Nagawa, Ashok},
    publisher = {International Journal of Computer Applications},
    title = {Image De-noising by Various Filters for Different Noise},
    volume = {9},
    number = {4},
    month = {November},
    year = {2010}
}

@INPROCEEDINGS{topic5,
    publisher = {School of Physics and Astronomy},
    address = {https://www2.ph.ed.ac.uk/~wjh/teaching/dia/documents/noise.pdf},
    title = {Noise in Images},
    month = {August},
    year = {2007}
}

@INPROCEEDINGS{Dougherty,
    author = { G., Dougherty},
    edition = {Second},
    publisher = {Cambridge University Press.},
    title = {Digital Image Processing for Medical Applications},
    year = {2010}
}

@INPROCEEDINGS{AjayBrijendra2,
    author = {Kumar Boyat, Ajay and Kumar Joshi, Brijendra},
    publisher = {IEEE Nirma University International Conference on Engineering},
    title = {Image Denoising using Wavelet Transform and Median Filtering},
    year = {2013}
}

@INPROCEEDINGS{HaidiTheamSin,
    author = {Ibrahim, Haidi and Foo Ng, Theam and Hong Teoh, Sin},
    publisher = {Academic Journals},
    journal = {Scientific Research and Essays (SRE)},
    title = {An efficient implementation of switching median filter with boundary discriminative noise detection for image corrupted by impulse noise},
    volume = {6},
    number = {26},
    month = {November},
    year = {2011}
}

@INPROCEEDINGS{RuchikaGaurav,
    author = {Chandel, Ruchika and Gupta, Gaurav},
    publisher = {International Journal of Advanced Research in Computer Science and Software Engineering},
    note = {www.ijarcsse.com},
    title = {Image Filtering Algorithms and Techniques: A Review},
    volume = {3},
    number = {10},
    month = {October},
    year = {2013}
}

@unknown{JamesYixinStephen,
author = {C. Church, James and Chen, Yixin and V. Rice, Stephen},
year = {2008},
month = {05},
pages = {618 - 623},
title = {A Spatial Median Filter for noise removal in digital images}
}
